@book{durbin,
  title={Biological sequence analysis: probabilistic models of proteins and nucleic acids},
  author={Durbin, Richard and Eddy, Sean R and Krogh, Anders and Mitchison, Graeme},
  year={1998},
  publisher={Cambridge university press}
}

@article{churchill,
  title={Stochastic models for heterogeneous {DNA} sequences},
  author={Churchill, Gary A},
  journal={Bulletin of mathematical biology},
  volume={51},
  number={1},
  pages={79--94},
  year={1989},
  publisher={Springer}
}

@article{braun,
  title={Statistical methods for {DNA} sequence segmentation},
  author={Braun, Jerome V and Muller, Hans-Georg},
  journal={Statistical Science},
  pages={142--162},
  year={1998},
  publisher={JSTOR}
}

@article{yeast,
  title={Segmentation of yeast {DNA} using hidden {M}arkov models},
  author={Peshkin, Leonid and S. Gelfand, Mikhail},
  journal={Bioinformatics},
  volume={15},
  number={12},
  pages={980--986},
  year={1999},
  publisher={Oxford University Press}
}

@article{ramensky,
  title={{DNA} segmentation through the {B}ayesian approach},
  author={Ramensky, Vasily E and Makeev, V Ju and Roytberg, Mikhail A. and Tumanyan, Vladimir G},
  journal={Journal of Computational Biology},
  volume={7},
  number={1-2},
  pages={215--231},
  year={2000},
  publisher={Mary Ann Liebert, Inc.}
}

@article{markovmodels,
  title={Markov models of genome segmentation},
  author={Thakur, Vivek and Azad, Rajeev K and Ramaswamy, Ram},
  journal={Physical Review E},
  volume={75},
  number={1},
  pages={011915},
  year={2007},
  publisher={APS}
}



@article{eigen_asym,
 ISSN = {00219002},
 URL = {http://www.jstor.org/stable/3215988},
 abstract = {This paper investigates the probabilistic behaviour of the eigenvalue of the empirical transition matrix of a Markov chain which is of largest modulus other than 1, loosely called the second-largest eigenvalue. A central limit theorem is obtained for nonmultiple eigenvalues of the empirical transition matrix. When the Markov chain is actually a sequence of independent observations the distribution of the second-largest eigenvalue is determined and a test for independence is developed. The independence case is considered in more detail when the Markov chain has only two states, and some applications are given.},
 author = {Geoffrey Pritchard and David J. Scott},
 journal = {Journal of Applied Probability},
 pages = {347--360},
 publisher = {Applied Probability Trust},
 title = {The Eigenvalues of the Empirical Transition Matrix of a Markov Chain},
 volume = {41},
 year = {2004}
}

@inproceedings{bartlett1951frequency,
  title={The frequency goodness of fit test for probability chains},
  author={Bartlett, Maurice S},
  booktitle={Mathematical Proceedings of the Cambridge Philosophical Society},
  volume={47},
  number={1},
  pages={86--95},
  year={1951},
  organization={Cambridge University Press}
}

@article{mle_conv,
author = "Billingsley, Patrick",
doi = "10.1214/aoms/1177705136",
fjournal = "The Annals of Mathematical Statistics",
journal = "Ann. Math. Statist.",
month = "03",
number = "1",
pages = "12--40",
publisher = "The Institute of Mathematical Statistics",
title = "Statistical Methods in Markov Chains",
url = "https://doi.org/10.1214/aoms/1177705136",
volume = "32",
year = "1961"
}

@article{bayes,
  title={Bayesian detection and analysis of changing transition matrices of stationary Markov chains},
  author={Groenewald, PCN and Schoeman, AC},
  journal={Australian \& New Zealand Journal of Statistics},
  volume={46},
  number={4},
  pages={555--567},
  year={2004},
  publisher={Wiley Online Library}
}
@article{chib,
  title={Calculating posterior distributions and modal estimates in Markov mixture models},
  author={Chib, Siddhartha},
  journal={Journal of Econometrics},
  volume={75},
  number={1},
  pages={79--97},
  year={1996},
  publisher={Elsevier}
}

@article{roberts2004general,
  title={General state space Markov chains and MCMC algorithms},
  author={Roberts, Gareth O and Rosenthal, Jeffrey S and others},
  journal={Probability surveys},
  volume={1},
  pages={20--71},
  year={2004},
  publisher={The Institute of Mathematical Statistics and the Bernoulli Society}
}







@article{thakur2007markov,
  title={Markov models of genome segmentation},
  author={Thakur, Vivek and Azad, Rajeev K and Ramaswamy, Ram},
  journal={Physical Review E},
  volume={75},
  number={1},
  pages={011915},
  year={2007},
  publisher={APS}
}
